[
  {
    "id": 1138,
    "brandName": "Büble",
    "name": "Allgäuer Büble Bayrisch Hell",
    "articles": [
      {
        "id": 1491,
        "shortDescription": "20 x 0,5L (Glas)",
        "price": 17.99,
        "unit": "Liter",
        "pricePerUnitText": "(1,80 €/Liter)",
        "image": "https://image.flaschenpost.de/articles/small/1491.png"
      }
    ]
  },
  {
    "id": 3080,
    "brandName": "Alpirsbacher",
    "name": "Alpirsbacher Kloster Helles",
    "descriptionText": "Alpirsbacher Kloster Helles ist ein Klassiker aus dem Sortiment der Schwarzwälder Brauerei. Das satte und warme Goldgelb des Bieres wird durch eine feinporige Schaumbildung gekrönt. Das Kloster hell ist sehr frisch und malzig. Hier spielen die harmonischen Malzaromen gekonnt mit der Bitterkeit des Hopfens. Durch eine etwas andere Hopfung ist das blumige und blanke Aroma der Hopfendolden deutlich schmeckbar. Das Vollbier ist ein Klassiker der Braukunst und ideal für Liebhaber von einem ausbalancierten Aromenspiel. Auch dieses Bier aus der Alpirsbacher Brauerei bekommt seinen einzigartigen Geschmack durch das weiche und reine Quellwasser. Dieses stammt aus dem Naturschutzgebiet Glaswaldwiesen und weist wenig Belastungen auf. Ursprünglich und rein wird es seit Jahrhunderten zum Brauen feiner Bierspezialitäten genutzt. Der ausgeprägte Charakter von Alpirsbacher Kloster Helles lässt das Ursprüngliche im flüssigen Brot noch sehr gut erkennen. Früher war das Bier für die Fastenzeit unerlässlich und ein Highlight nach erledigtem Tagewerk. Noch heute ist dieser Geist schmeckbar, denn die Braumeister von Alpirsbacher vereinen die alte Handwerkskunst mit moderner Technik. So entstehen ursprüngliche Biere, die höchsten Ansprüchen genügen. Alpirsbacher legt Wert auf ständige Kontrollen, die eine gleichbleibende, hohe Qualität gewährleisten. Nur der beste Hopfen, ausgewähltes Malz und edle Hefestämme garantieren gleichbleibenden Biergenuss. Vor allem die Hefestämme von Alpirsbacher werden gehegt und gepflegt, denn sie sind grundlegend an der Geschmacksgebung beteiligt. Für das Kloster Hell wird ein untergäriger Hefestamm verwendet. Bei milden neun Grad schmeckt dieses Bier am besten und erfrischt Geist und Körper.\r\n",
    "articles": [
      {
        "id": 4156,
        "shortDescription": "20 x 0,5L (Glas)",
        "price": 20.99,
        "unit": "Liter",
        "pricePerUnitText": "(2,10 €/Liter)",
        "image": "https://image.flaschenpost.de/articles/small/4156.png"
      }
    ]
  },
  {
    "id": 35,
    "brandName": "Andechser",
    "name": "Andechser Spezial Hell",
    "descriptionText": "Ein Festbier der Extraklasse, bietet die Klosterbrauerei Andechs, mit dem Andechser Spezial Hell, welches sich durch seinen kräftigen aber auch weichen Geschmack auszeichnet. Durch seine goldgelbe Farbgebung und einen feinporigen Schaum, macht dieses Bier für besondere Anlässe nicht nur geschmacklich sondern auch optisch einen hervorragenden Eindruck und wirkt sehr edel. Frische und Reinheit dominieren den einzigartigen Geruch des Andechser Spezial Hell, das vor allen nach Malz duftet und dadurch die Lust weckt dieses außergewöhnliche Bier zu probieren. Ein voller Malzkörper ist das prägende geschmackliche Element dieses Bieres, welches im Zusammenspiel mit bitteren Hopfennuancen für ein einzigartiges Trinkerlebnis sorgt. Der Abgang des Andechser Spezial Hell wird ebenfalls von Malzaromen bestimmt, was den Genuss dieses Festbieres zu einem wahren Vergnügen macht. Durch seine spritzige Leichtigkeit und ein festliches Erscheinungsbild, ist das Andechser Spezial Hell ein Bier für die besonderen Momente im Leben und macht bei Feiern jedweder Art eine gute Figur. Da in der Klosterbrauerei Andechs die Tradition einen sehr hohen Stellenwert hat, achten die Braumeister darauf, dass die Zutaten ihrer Biere sorgfältig und vor allem nach erprobten Verfahren hergestellt werden. Für das von feinem Malzgeschmack geprägte Andechser Spezial Hell bedeutet dies vor allem, ein Malz zu verwenden, das seinesgleichen sucht. Aus diesem Grund arbeitet die Klosterbrauerei Andechs nur mit Mälzereien aus Bayern zusammen, da in dieser Region die traditionelle Herstellung von hochwertigen Malzen schon seit Jahrhunderten erfolgreich betrieben wird und man sich auf eine gleichbleibend hohe Qualität verlassen kann, was für den Geschmack des Andechser Spezial Hell von enormer Wichtigkeit ist.\r\n",
    "articles": [
      {
        "id": 41,
        "shortDescription": "20 x 0,5L (Glas)",
        "price": 21.99,
        "unit": "Liter",
        "pricePerUnitText": "(2,20 €/Liter)",
        "image": "https://image.flaschenpost.de/articles/small/41.png"
      }
    ]
  },
  {
    "id": 70,
    "brandName": "Augustiner",
    "name": "Augustiner Lagerbier Hell",
    "descriptionText": "Das untergärige Bier der geschichtsträchtigen Augustiner Brauerei in München ist das ideale Beispiel für ein gelungenes Helles und besonders erfrischend.\nMit seiner strohgelben Farbe und der wunderschönen dichten und weißen Schaumkrone ist es schon für das Auge ein Genuss und auch sein Geruch und der Geschmack überzeugen auf ganzer Linie.\nDie Nase freut sich am zarten Duft nach Honig und Getreide und der süße Antrunk macht Lust auf mehr. Seine deutlich wahrnehmbare, feinperlige Kohlensäure, das ausbalancierte Gleichgewicht zwischen Hopfen und Malz und der feinbitteren Abgang macht es zu einem wunderbar rundem Meisterstück traditioneller Braukunst. Die Augustiner Brauerei beherrscht ihr Handwerk auch rundum und das liegt nicht nur daran, dass das Wissen und Können der Mönche im Augustinerkloster beim Dom zu München 1328 das erste Mal der Bierherstellung widmeten, die heutigen Brauer immer noch begleitet, sondern auch an den sorgfältig ausgewählten Rohstoffen und dem aufwändigen Mälzverfahren. Letzteres gestaltet sich sehr zeitintensiv, da die gekeimte Gerste im sogenannten Tennen-Malzverfahren in langen Hallen auf einem speziellen Kalksteinboden ausgebreitet und im Abstand von 8 Stunden immer wieder gewendet wird. Damit unterscheidet sich das köstliche Augustinerbier ganz erheblich von industriell hergestellten Bieren, bei denen Zeit Geld ist und der Geschmack keine Gelegenheit bekommt, sich voll zu entwickeln.\nSo darf auch das Augustiner Lagerbier Hell seinen vollen Geschmack über einen besonders langen Zeitraum entwickeln, wodurch es aromatisch und doch mild wird. Das macht es zu einem idealen Bier für Einsteiger, die keine zu dominanten Geschmacksnoten mögen und einen harmonischen, milden und doch erfrischenden Biergenuss suchen.",
    "articles": [
      {
        "id": 86,
        "shortDescription": "20 x 0,5L (Glas)",
        "price": 22.99,
        "unit": "Liter",
        "pricePerUnitText": "(2,30 €/Liter)",
        "image": "https://image.flaschenpost.de/articles/small/86.png"
      }
    ]
  },
  {
    "id": 101,
    "brandName": "Bayreuther",
    "name": "Bayreuther Hell",
    "descriptionText": "Mit dem Bayreuther Hell, präsentiert das renommierte Bayreuther Brauhaus eine typisch bayrische Bierspezialität in bester Qualität. Durch ein Zusammenspiel feinster Malzaromen und einem süffigen Hopfengeschmack, ist dieses Bier sehr ausgewogen und gehaltvoll. Seine kräftige goldene Farbe ist sehr verführerisch und macht Lust darauf, es zu probieren. Ebenfalls sehr ansprechend sind die vielfältigen Aromen, die einem nach dem Öffnen der Flasche sofort in die Nase steigen. Vor allem Noten von Zitrone und Honig dominieren den sehr angenehmen Geruch des Bayreuther Hell. Das Beste an diesem Bier ist aber eindeutig der einzigartige Geschmack. Nuancen von Honig und Karamell, die sich gekonnt mit dem Eigengeschmack des enthaltenen Hopfens vermischen, machen dieses Bier zu einem würzigen Trinkerlebnis, bei dem auch eine gewisse Spritzigkeit nicht fehlt. Dem aus der gleichnamigen Stadt in Oberfranken stammenden Bayreuther Hell, merkt man an, dass es mit viel Liebe nach den Regeln der bayrischen Braukunst hergestellt wurde. Dank seines würzigen Charakters, zeichnet sich das Bayreuther Hell auch durch eine gewisse Milde aus, wodurch es ein idealer Begleiter zu leichten Speisen ist. Insbesondere zu Fisch, Hähnchen und gut gewürzten asiatischen Gerichten macht dieses Bier eine gute Figur. Aber auch für ein gemütliches Beisammensein oder einen Grillabend eignet sich das Bayreuther Hell sehr. Das Geheimnis seines Geschmacks hat maßgeblich damit zu tun, dass das Bayreuther Brauhaus nur feinste Zutaten aus der Region verwendet. So stammt der Hopfen aus der Hallertau und das Brauwasser aus dem Fichtelgebirge.",
    "articles": [
      {
        "id": 136,
        "shortDescription": "20 x 0,5L (Glas)",
        "price": 19.99,
        "unit": "Liter",
        "pricePerUnitText": "(2,00 €/Liter)",
        "image": "https://image.flaschenpost.de/articles/small/136.png"
      }
    ]
  },
  {
    "id": 1931,
    "brandName": "Chiemseer",
    "name": "Chiemseer Hell",
    "descriptionText": "",
    "articles": [
      {
        "id": 2480,
        "shortDescription": "20 x 0,5L (Glas)",
        "price": 24.99,
        "unit": "Liter",
        "pricePerUnitText": "(2,50 €/Liter)",
        "image": "https://image.flaschenpost.de/articles/small/2480.png"
      }
    ]
  },
  {
    "id": 1916,
    "brandName": "Finne",
    "name": "Finne Bio Helles Bildungsbier",
    "descriptionText": "",
    "articles": [
      {
        "id": 3006,
        "shortDescription": "24 x 0,33L (Glas)",
        "price": 28.99,
        "unit": "Liter",
        "pricePerUnitText": "(3,66 €/Liter)",
        "image": "https://image.flaschenpost.de/articles/small/3006.png"
      },
      {
        "id": 6224,
        "shortDescription": "8 x 0,33L (Glas)",
        "price": 9.99,
        "unit": "Liter",
        "pricePerUnitText": "(3,78 €/Liter)",
        "image": "https://image.flaschenpost.de/articles/small/6224.png"
      }
    ]
  },
  {
    "id": 3357,
    "brandName": "Franziskaner",
    "name": "Franziskaner Helles",
    "articles": [
      {
        "id": 4563,
        "shortDescription": "20 x 0,5L (Glas)",
        "price": 19.99,
        "unit": "Liter",
        "pricePerUnitText": "(2,00 €/Liter)",
        "image": "https://image.flaschenpost.de/articles/small/4563.png"
      }
    ]
  },
  {
    "id": 3938,
    "brandName": "Glucks",
    "name": "Glucks Helles",
    "descriptionText": "Hellauf begeistert? Kein Wunder! Denn unser Glucks® Helles ist\r\nüberragend untergärig und sorgt so für helle Freude. Und das\r\nüberall, wo man Spaß an gutem Bier und guter Laune hat – im\r\nOsten, Westen, Norden oder im Süden, der Heimat des Hellen.\r\nGenieß unser Highlight der guten Laune!\r\n",
    "articles": [
      {
        "id": 6330,
        "shortDescription": "20 x 0,33L (Glas)",
        "price": 11.99,
        "unit": "Liter",
        "pricePerUnitText": "(1,82 €/Liter)",
        "image": "https://image.flaschenpost.de/articles/small/6330.png"
      }
    ]
  },
  {
    "id": 2827,
    "brandName": "Grevensteiner",
    "name": "Grevensteiner Helles",
    "articles": [
      {
        "id": 3785,
        "shortDescription": "20 x 0,33L (Glas)",
        "price": 15.99,
        "unit": "Liter",
        "pricePerUnitText": "(2,42 €/Liter)",
        "image": "https://image.flaschenpost.de/articles/small/3785.png"
      },
      {
        "id": 3831,
        "shortDescription": "16 x 0,5L (Glas)",
        "price": 15.99,
        "unit": "Liter",
        "pricePerUnitText": "(2,00 €/Liter)",
        "image": "https://image.flaschenpost.de/articles/small/3831.png"
      }
    ]
  },
  {
    "id": 473,
    "brandName": "Hacker Pschorr",
    "name": "Hacker-Pschorr Münchner Hell",
    "articles": [
      {
        "id": 638,
        "shortDescription": "20 x 0,5L (Glas)",
        "price": 18.99,
        "unit": "Liter",
        "pricePerUnitText": "(1,90 €/Liter)",
        "image": "https://image.flaschenpost.de/articles/small/638.png"
      }
    ]
  },
  {
    "id": 2135,
    "brandName": "Hofbräu",
    "name": "Hofbräu Oktoberfestbier",
    "descriptionText": "",
    "articles": [
      {
        "id": 2834,
        "shortDescription": "20 x 0,5L (Glas)",
        "price": 16.99,
        "unit": "Liter",
        "pricePerUnitText": "(1,70 €/Liter)",
        "image": "https://image.flaschenpost.de/articles/small/2834.png"
      }
    ]
  },
  {
    "id": 1339,
    "brandName": "Hofbräu",
    "name": "Hofbräu Original Hell",
    "articles": [
      {
        "id": 1718,
        "shortDescription": "20 x 0,5L (Glas)",
        "price": 16.99,
        "unit": "Liter",
        "pricePerUnitText": "(1,70 €/Liter)",
        "image": "https://image.flaschenpost.de/articles/small/1718.png"
      }
    ]
  },
  {
    "id": 2291,
    "brandName": "Hofbräu",
    "name": "Hofbräuhaus Hell",
    "articles": [
      {
        "id": 3020,
        "shortDescription": "20 x 0,5L (Glas)",
        "price": 16.99,
        "unit": "Liter",
        "pricePerUnitText": "(1,70 €/Liter)",
        "image": "https://image.flaschenpost.de/articles/small/3020.png"
      }
    ]
  },
  {
    "id": 3138,
    "brandName": "Kauzen Bräu",
    "name": "Kauzen Bräu Wolf Helles",
    "articles": [
      {
        "id": 4248,
        "shortDescription": "20 x 0,5L (Glas)",
        "price": 19.99,
        "unit": "Liter",
        "pricePerUnitText": "(2,00 €/Liter)",
        "image": "https://image.flaschenpost.de/articles/small/4248.png"
      }
    ]
  },
  {
    "id": 3135,
    "brandName": "Kauzen Bräu",
    "name": "Käuzle Urhell",
    "articles": [
      {
        "id": 4245,
        "shortDescription": "20 x 0,5L (Glas)",
        "price": 19.99,
        "unit": "Liter",
        "pricePerUnitText": "(2,00 €/Liter)",
        "image": "https://image.flaschenpost.de/articles/small/4245.png"
      }
    ]
  },
  {
    "id": 556,
    "brandName": "Krombacher",
    "name": "Krombacher Hell",
    "articles": [
      {
        "id": 738,
        "shortDescription": "20 x 0,5L (Glas)",
        "price": 17.99,
        "unit": "Liter",
        "pricePerUnitText": "(1,80 €/Liter)",
        "image": "https://image.flaschenpost.de/articles/small/738.png"
      },
      {
        "id": 740,
        "shortDescription": "24 x 0,33L (Glas)",
        "price": 17.99,
        "unit": "Liter",
        "pricePerUnitText": "(2,27 €/Liter)",
        "image": "https://image.flaschenpost.de/articles/small/740.png"
      }
    ]
  },
  {
    "id": 2689,
    "brandName": "Kurpfalz Bräu",
    "name": "Kurpfalz Bräu Helles",
    "articles": [
      {
        "id": 3576,
        "shortDescription": "20 x 0,5L (Glas)",
        "price": 19.99,
        "unit": "Liter",
        "pricePerUnitText": "(2,00 €/Liter)",
        "image": "https://image.flaschenpost.de/articles/small/3576.png"
      }
    ]
  },
  {
    "id": 603,
    "brandName": "Löwenbräu",
    "name": "Löwenbräu Original Hell",
    "descriptionText": "Weissbier-Klassiker aus München steht in der langen Tradition bayerischer Weizen-Braukunst. Früher das alleinige Privileg der bayerischen Herzöge, ist das Weissbier heute die bayerische und die typische Münchner Bierspezialität. Unser Löwenbräu Weisse wird nach überlieferten Rezepten mit feinster, selbstgezüchteter Hefe gebraut und überzeugt durch seinen frischen, spritzigen Geschmack.",
    "articles": [
      {
        "id": 800,
        "shortDescription": "20 x 0,5L (Glas)",
        "price": 19.99,
        "unit": "Liter",
        "pricePerUnitText": "(2,00 €/Liter)",
        "image": "https://image.flaschenpost.de/articles/small/800.png"
      }
    ]
  },
  {
    "id": 1426,
    "brandName": "Kulmbacher Mönchshof",
    "name": "Mönchshof BrauSpezialitäten Bayerisch Hell",
    "articles": [
      {
        "id": 1817,
        "shortDescription": "20 x 0,5L (Glas)",
        "price": 16.99,
        "unit": "Liter",
        "pricePerUnitText": "(1,70 €/Liter)",
        "image": "https://image.flaschenpost.de/articles/small/1817.png"
      }
    ]
  },
  {
    "id": 2126,
    "brandName": "Arcobräu",
    "name": "Mooser Liesl",
    "descriptionText": "Wer einmal ein echtes bayerisches Traditionsbier genießen möchte, dem sei die Mooser Liesl ans Herz gelegt. Seinen Ursprung hat diese urige Bierspezialität im Gräflichen Brauhaus Arcobräu im beschaulichen Ort Moos zwischen den beiden mächtigen Strömen von Isar und Donau. Seit 500 Jahren wird hier mit viel Leidenschaft und echtem Handwerk bestes Bier gebraut. Im Jahre 1910 fand dort ein helles Bier erstmals Erwähnung, das 1922 beim damaligen Mooser Laubhüttenfest seinen Siegeszug antrat. Mit ein Grund, warum viele Gäste auch immer wieder in die Brauerei einkehrten, soll eine bemerkenswerte Bedienung namens Liesl gewesen sein, nach der 2015 dann das Produkt, wie es heute erhältlich ist, benannt wurde. Die Neuerscheinung feierte von Anfang an Erfolge, denn die Getränkezeitung wählte sie 2016 zur besten Neuheit des Jahres und 2018 gleich noch zum besten Produkt der Kategorie „Deutsches Bier“. Wem das nicht genug Argumente sind, diese Berühmtheit einmal zu versuchen, der wird sich vielleicht durch den erstklassigen Geschmack und die hochwertige Herstellungsweise überzeugen lassen. Ausgesuchtes Malz und bester Naturhopfen werden zu einer unglaublich süffigen Spezialität verarbeitet, die von sahnig-cremigem Schaum gekrönt, goldgelb schimmernd am besten im traditionellen Steinkrug serviert wird. In vollendeter Harmonie runden leicht herbe Hopfennoten den süßlich-malzigen Geschmack beim ersten Antrinken ab und machen es zu einem unaufdringlichen und perfekt ausbalancierten Trinkgenuss. Da es nicht zu körperreich oder schwer ist, erschlägt es auch leichtere Speisen nicht und passt darum auch zu zartem Fleisch, hellen Cremesuppen und leichten Gemüsegerichten wie Spargel, Kohlrabigemüse und frischen Erbsen. Aber auch als spritziger Begleiter zur abendlichen Brotzeit, beim Picknick, im Biergarten oder an einem anderen schönen Ort macht es eine gute Figur.\r\n",
    "articles": [
      {
        "id": 2810,
        "shortDescription": "20 x 0,5L (Glas)",
        "price": 21.99,
        "unit": "Liter",
        "pricePerUnitText": "(2,20 €/Liter)",
        "image": "https://image.flaschenpost.de/articles/small/2810.png"
      },
      {
        "id": 3428,
        "shortDescription": "20 x 0,33L (Glas)",
        "price": 19.99,
        "unit": "Liter",
        "pricePerUnitText": "(3,03 €/Liter)",
        "image": "https://image.flaschenpost.de/articles/small/3428.png"
      }
    ]
  },
  {
    "id": 2050,
    "brandName": "Oettinger",
    "name": "Oettinger Helles",
    "articles": [
      {
        "id": 2692,
        "shortDescription": "20 x 0,5L (Glas)",
        "price": 9.99,
        "unit": "Liter",
        "pricePerUnitText": "(1,00 €/Liter)",
        "image": "https://image.flaschenpost.de/articles/small/2692.png"
      }
    ]
  },
  {
    "id": 694,
    "brandName": "Paulaner",
    "name": "Paulaner Münchner Hell",
    "articles": [
      {
        "id": 923,
        "shortDescription": "20 x 0,5L (Glas)",
        "price": 19.99,
        "unit": "Liter",
        "pricePerUnitText": "(2,00 €/Liter)",
        "image": "https://image.flaschenpost.de/articles/small/923.png"
      }
    ]
  },
  {
    "id": 2180,
    "brandName": "Spaten",
    "name": "Spaten Münchner Hell",
    "articles": [
      {
        "id": 2881,
        "shortDescription": "20 x 0,5L (Glas)",
        "price": 18.99,
        "unit": "Liter",
        "pricePerUnitText": "(1,90 €/Liter)",
        "image": "https://image.flaschenpost.de/articles/small/2881.png"
      }
    ]
  },
  {
    "id": 3141,
    "brandName": "St. Georgen Bräu",
    "name": "St. Georgen Bräu Goldmärzen",
    "articles": [
      {
        "id": 4251,
        "shortDescription": "20 x 0,5L (Glas)",
        "price": 19.99,
        "unit": "Liter",
        "pricePerUnitText": "(2,00 €/Liter)",
        "image": "https://image.flaschenpost.de/articles/small/4251.png"
      }
    ]
  },
  {
    "id": 3134,
    "brandName": "Starnberger",
    "name": "Starnberger Hell",
    "articles": [
      {
        "id": 4244,
        "shortDescription": "20 x 0,5L (Glas)",
        "price": 24.99,
        "unit": "Liter",
        "pricePerUnitText": "(2,50 €/Liter)",
        "image": "https://image.flaschenpost.de/articles/small/4244.png"
      }
    ]
  },
  {
    "id": 921,
    "brandName": "Tegernseer",
    "name": "Tegernseer Hell",
    "articles": [
      {
        "id": 1237,
        "shortDescription": "20 x 0,5L (Glas)",
        "price": 24.99,
        "unit": "Liter",
        "pricePerUnitText": "(2,50 €/Liter)",
        "image": "https://image.flaschenpost.de/articles/small/1237.png"
      }
    ]
  },
  {
    "id": 3131,
    "brandName": "Weißenoher",
    "name": "Weißenoher Glocken Hell",
    "articles": [
      {
        "id": 4241,
        "shortDescription": "20 x 0,5L (Glas)",
        "price": 22.99,
        "unit": "Liter",
        "pricePerUnitText": "(2,30 €/Liter)",
        "image": "https://image.flaschenpost.de/articles/small/4241.png"
      }
    ]
  }
]